<?xml version="1.0" encoding="UTF-8"?>
<record xmlns="http://www.loc.gov/MARC21/slim">
  <leader>01086nam a2200253Ia 4500</leader>
  <controlfield tag="001">3587037</controlfield>
  <controlfield tag="005">20101018113800.0</controlfield>
  <controlfield tag="008">830616s1817    enk           000 0 eng d</controlfield>
  <datafield tag="019" ind1=" " ind2=" ">
    <subfield code="a">23833238</subfield>
  </datafield>
  <datafield tag="035" ind1=" " ind2=" ">
    <subfield code="a">(OCoLC)9612347</subfield>
    <subfield code="z">(OCoLC)23833238</subfield>
  </datafield>
  <datafield tag="035" ind1=" " ind2=" ">
    <subfield code="a">ocm09612347</subfield>
  </datafield>
  <datafield tag="040" ind1=" " ind2=" ">
    <subfield code="a">IXA</subfield>
    <subfield code="c">IXA</subfield>
    <subfield code="d">OCL</subfield>
    <subfield code="d">OCLCQ</subfield>
  </datafield>
  <datafield tag="043" ind1=" " ind2=" ">
    <subfield code="a">nw-----</subfield>
  </datafield>
  <datafield tag="049" ind1=" " ind2=" ">
    <subfield code="a">BRLL</subfield>
  </datafield>
  <datafield tag="050" ind1=" " ind2="4">
    <subfield code="a">HT1091</subfield>
    <subfield code="b">.A785</subfield>
  </datafield>
  <datafield tag="099" ind1=" " ind2=" ">
    <subfield code="a">H.710.A10A</subfield>
  </datafield>
  <datafield tag="245" ind1="0" ind2="0">
    <subfield code="a">Arguments in support of the proposed bill for the registration of slaves in the West Indian colonies :</subfield>
    <subfield code="b">being a reply to the work of Mr. Chalmers, entitled Proofs and demonstrations how much the projected registry of colonial Negroes is unfounded and uncalled for ...</subfield>
  </datafield>
  <datafield tag="260" ind1=" " ind2=" ">
    <subfield code="a">London :</subfield>
    <subfield code="b">Printed by Bensley and Son,</subfield>
    <subfield code="c">1817.</subfield>
  </datafield>
  <datafield tag="300" ind1=" " ind2=" ">
    <subfield code="a">44 p.</subfield>
    <subfield code="c">21 cm.</subfield>
  </datafield>
  <datafield tag="500" ind1=" " ind2=" ">
    <subfield code="a">&quot;Extracted from the Philanthropist for Jan. 1817.&quot;</subfield>
  </datafield>
  <datafield tag="600" ind1="1" ind2="0">
    <subfield code="a">Chalmers, George,</subfield>
    <subfield code="d">1742-1825.</subfield>
    <subfield code="t">Proofs and demonstrations how much the projected registry of colonial Negroes is unfounded and uncalled for.</subfield>
  </datafield>
  <datafield tag="650" ind1=" " ind2="0">
    <subfield code="a">Slavery</subfield>
    <subfield code="z">West Indies, British.</subfield>
  </datafield>
  <datafield tag="730" ind1="0" ind2=" ">
    <subfield code="a">Philanthropist (London, England)</subfield>
  </datafield>
  <datafield tag="994" ind1=" " ind2=" ">
    <subfield code="a">C0</subfield>
    <subfield code="b">BRL</subfield>
  </datafield>
</record>
